<record><leader>00000cas a2200000 a 4500</leader><controlfield tag="001">11341127</controlfield><controlfield tag="008">841102d18721886iluwr ne      0   a0eng c</controlfield><datafield ind1=" " ind2=" " tag="010"><subfield code="a">sn 84038573 </subfield></datafield><datafield ind1=" " ind2=" " tag="040"><subfield code="a">NPX</subfield><subfield code="b">eng</subfield><subfield code="c">NPX</subfield><subfield code="d">NPU</subfield><subfield code="d">NVF</subfield><subfield code="d">CVF</subfield><subfield code="d">NVF</subfield><subfield code="d">OCLCQ</subfield><subfield code="d">NVF</subfield><subfield code="d">OCLCO</subfield><subfield code="d">OCLCF</subfield></datafield><datafield ind1="1" ind2=" " tag="029"><subfield code="a">AU@</subfield><subfield code="b">000020382454</subfield></datafield><datafield ind1=" " ind2=" " tag="042"><subfield code="a">pcc</subfield></datafield><datafield ind1=" " ind2=" " tag="043"><subfield code="a">n-us-il</subfield></datafield><datafield ind1="0" ind2="0" tag="245"><subfield code="a">Illinois weekly message.</subfield></datafield><datafield ind1=" " ind2=" " tag="260"><subfield code="a">Mt. Sterling, Ill. :</subfield><subfield code="b">Brooks &amp; Brockman</subfield></datafield><datafield ind1=" " ind2=" " tag="300"><subfield code="a">v.</subfield></datafield><datafield ind1=" " ind2=" " tag="310"><subfield code="a">Weekly</subfield></datafield><datafield ind1="1" ind2=" " tag="362"><subfield code="a">Began in 1872? Ceased in July 1886.</subfield></datafield><datafield ind1=" " ind2=" " tag="580"><subfield code="a">Merged with: Brown County Democrat (Mount Sterling, Ill.), to form: Democrat-message.</subfield></datafield><datafield ind1=" " ind2=" " tag="588"><subfield code="a">Description based on: Vol. 2, no. 11 (Apr. 3, 1873).</subfield></datafield><datafield ind1=" " ind2=" " tag="588"><subfield code="a">Latest issue consulted: Apr. 17, 1886.</subfield></datafield><datafield ind1=" " ind2="0" tag="651"><subfield code="a">Mount Sterling (Ill.)</subfield><subfield code="v">Newspapers.</subfield></datafield><datafield ind1=" " ind2="7" tag="655"><subfield code="a">Newspapers.</subfield><subfield code="2">fast</subfield><subfield code="0">(OCoLC)fst01423814</subfield></datafield><datafield ind1=" " ind2="7" tag="651"><subfield code="a">Illinois</subfield><subfield code="z">Mount Sterling.</subfield><subfield code="2">fast</subfield><subfield code="0">(OCoLC)fst01883499</subfield></datafield><datafield ind1=" " ind2=" " tag="752"><subfield code="a">United States</subfield><subfield code="b">Illinois</subfield><subfield code="c">Brown</subfield><subfield code="d">Mount Sterling.</subfield></datafield><datafield ind1="1" ind2="7" tag="785"><subfield code="t">Brown County Democrat (Mount Sterling, Ill.)</subfield><subfield code="w">(DLC)sn 85033923</subfield><subfield code="w">(OCoLC)12339448</subfield></datafield><datafield ind1="1" ind2="7" tag="785"><subfield code="t">Democrat-message</subfield><subfield code="w">(DLC)sn 92054556</subfield><subfield code="w">(OCoLC)25692596</subfield></datafield></record>